<record><leader>00000cas a22000007a 4500</leader><controlfield tag="001">32900572</controlfield><controlfield tag="008">950731c19uu9999cauwr ne      0    0vie d</controlfield><datafield ind1=" " ind2=" " tag="010"><subfield code="a">sn 95061617 </subfield></datafield><datafield ind1=" " ind2=" " tag="040"><subfield code="a">CUY</subfield><subfield code="b">eng</subfield><subfield code="c">CNK</subfield><subfield code="d">OCLCQ</subfield><subfield code="d">OCLCF</subfield><subfield code="d">OCLCO</subfield><subfield code="d">OCL</subfield></datafield><datafield ind1=" " ind2=" " tag="042"><subfield code="a">msc</subfield></datafield><datafield ind1=" " ind2=" " tag="043"><subfield code="a">n-us-ca</subfield></datafield><datafield ind1="0" ind2=" " tag="130"><subfield code="a">Saigon times (Rosemead, Calif.)</subfield></datafield><datafield ind1="1" ind2="0" tag="245"><subfield code="a">Saigon times =</subfield><subfield code="b">Hsi-kung shih pao.</subfield></datafield><datafield ind1="3" ind2="1" tag="246"><subfield code="a">Hsi-kung shih pao</subfield></datafield><datafield ind1=" " ind2=" " tag="260"><subfield code="a">Rosemead, CA :</subfield><subfield code="b">Saigon Times</subfield></datafield><datafield ind1=" " ind2=" " tag="300"><subfield code="a">v.</subfield></datafield><datafield ind1=" " ind2=" " tag="310"><subfield code="a">Weekly</subfield></datafield><datafield ind1=" " ind2=" " tag="588"><subfield code="a">Description based on: So&#770;&#769; 323 (15-10-1993) [i.e. Oct. 15, 1993].</subfield></datafield><datafield ind1=" " ind2="0" tag="650"><subfield code="a">Vietnamese newspapers</subfield><subfield code="z">California.</subfield></datafield><datafield ind1=" " ind2="0" tag="651"><subfield code="a">Rosemead (Calif.)</subfield><subfield code="v">Newspapers.</subfield></datafield><datafield ind1=" " ind2="7" tag="650"><subfield code="a">Vietnamese newspapers.</subfield><subfield code="2">fast</subfield><subfield code="0">(OCoLC)fst01166876</subfield></datafield><datafield ind1=" " ind2="7" tag="651"><subfield code="a">California.</subfield><subfield code="2">fast</subfield><subfield code="0">(OCoLC)fst01204928</subfield></datafield><datafield ind1=" " ind2="7" tag="651"><subfield code="a">California</subfield><subfield code="z">Rosemead.</subfield><subfield code="2">fast</subfield><subfield code="0">(OCoLC)fst01226567</subfield></datafield><datafield ind1=" " ind2="7" tag="655"><subfield code="a">Newspapers.</subfield><subfield code="2">fast</subfield><subfield code="0">(OCoLC)fst01423814</subfield></datafield><datafield ind1=" " ind2=" " tag="752"><subfield code="a">United States</subfield><subfield code="b">California</subfield><subfield code="c">Los Angeles</subfield><subfield code="d">Rosemead.</subfield></datafield><datafield ind1="1" ind2=" " tag="029"><subfield code="a">AU@</subfield><subfield code="b">000025863799</subfield></datafield></record>